@article{constraining-ic,
  author         = "Retinskaya, Ekaterina and Luzum, Matthew and Ollitrault, Jean-Yves",
  title          = "{Constraining models of initial conditions with elliptic and triangular flow data}",
  journal        = "Phys.Rev.",
  volume         = "C89",
  pages          = "014902",
  doi            = "10.1103/PhysRevC.89.014902",
  year           = "2014",
  eprint         = "1311.5339",
  archivePrefix  = "arXiv",
  primaryClass   = "nucl-th",
  reportNumber   = "SACLAY-T13-261",
  SLACcitation   = "%%CITATION = ARXIV:1311.5339;%%",
}
