@article{constraining-ic,
      author         = "Retinskaya, Ekaterina and Luzum, Matthew and Ollitrault,
                        Jean-Yves",
      title          = "{Constraining models of initial conditions with elliptic
                        and triangular flow data}",
      journal        = "Phys.Rev.",
      volume         = "C89",
      pages          = "014902",
      doi            = "10.1103/PhysRevC.89.014902",
      year           = "2014",
      eprint         = "1311.5339",
      archivePrefix  = "arXiv",
      primaryClass   = "nucl-th",
      reportNumber   = "SACLAY-T13-261",
      SLACcitation   = "%%CITATION = ARXIV:1311.5339;%%",
}

@article{UU-STAR,
      author         = "Pandit, Yadav",
      title          = "{Azimuthal Anisotropy in U+U Collisions at $\sqrt{s_{NN}}
                        = 193 $ GeV with STAR Detector at RHIC}",
      collaboration  = "the STAR Collaboration",
      journal        = "J.Phys.Conf.Ser.",
      volume         = "458",
      pages          = "012003",
      doi            = "10.1088/1742-6596/458/1/012003",
      year           = "2013",
      eprint         = "1305.0173",
      archivePrefix  = "arXiv",
      primaryClass   = "nucl-ex",
      SLACcitation   = "%%CITATION = ARXIV:1305.0173;%%",
}

@article{proton-proton,
      author         = "d'Enterria, D. and Eyyubova, G. Kh. and Korotkikh, V.L.
                        and Lokhtin, I.P. and Petrushanko, S.V. and others",
      title          = "{Estimates of hadron azimuthal anisotropy from
                        multiparton interactions in proton-proton collisions at
                        $\sqrt{s}=14$ TeV}",
      journal        = "Eur.Phys.J.",
      volume         = "C66",
      pages          = "173-185",
      doi            = "10.1140/epjc/s10052-009-1232-7",
      year           = "2010",
      eprint         = "0910.3029",
      archivePrefix  = "arXiv",
      primaryClass   = "hep-ph",
      SLACcitation   = "%%CITATION = ARXIV:0910.3029;%%",
}

@article{nucleon-correlations,
      author         = "Alvioli, M. and Drescher, H.-J. and Strikman, M.",
      title          = "{A Monte Carlo generator of nucleon configurations in
                        complex nuclei including Nucleon-Nucleon correlations}",
      journal        = "Phys.Lett.",
      volume         = "B680",
      pages          = "225-230",
      doi            = "10.1016/j.physletb.2009.08.067",
      year           = "2009",
      eprint         = "0905.2670",
      archivePrefix  = "arXiv",
      primaryClass   = "nucl-th",
      SLACcitation   = "%%CITATION = ARXIV:0905.2670;%%",
}

@article{PhysRevC.89.044905,
  title = {Transverse-energy distributions at midrapidity in $p+p$, $d+\mathrm{Au}$, and $\mathrm{Au}+\mathrm{Au}$ 
           collisions at $\sqrt{{s}_{\mathit{\text{NN}}}}=62.4$\char21{}200 GeV and implications for particle-production models},
  author = {Adler, et al.},
  collaboration = {PHENIX Collaboration},
  journal = {Phys. Rev. C},
  volume = {89},
  issue = {4},
  pages = {044905},
  numpages = {22},
  year = {2014},
  month = {Apr},
  publisher = {American Physical Society},
  doi = {10.1103/PhysRevC.89.044905},
  url = {http://link.aps.org/doi/10.1103/PhysRevC.89.044905}
}

@article{Chaudhuri:2005ea,
      author         = "Chaudhuri, A.K. and Heinz, Ulrich W.",
      title          = "{Hydrodynamical evolution of dissipative QGP fluid}",
      journal        = "J.Phys.Conf.Ser.",
      volume         = "50",
      pages          = "251-258",
      doi            = "10.1088/1742-6596/50/1/030",
      year           = "2006",
      eprint         = "nucl-th/0504022",
      archivePrefix  = "arXiv",
      primaryClass   = "nucl-th",
      SLACcitation   = "%%CITATION = NUCL-TH/0504022;%%",
}

@article{Muronga:2004sf,
      author         = "Muronga, Azwinndini and Rischke, Dirk H.",
      title          = "{Evolution of hot, dissipative quark matter in
                        relativistic nuclear collisions}",
      year           = "2004",
      eprint         = "nucl-th/0407114",
      archivePrefix  = "arXiv",
      primaryClass   = "nucl-th",
      SLACcitation   = "%%CITATION = NUCL-TH/0407114;%%",
}

@article{Teaney:2004qa,
      author         = "Teaney, Derek A.",
      title          = "{Viscosity and thermalization}",
      journal        = "J.Phys.",
      volume         = "G30",
      pages          = "S1247-S1250",
      doi            = "10.1088/0954-3899/30/8/100",
      year           = "2004",
      eprint         = "nucl-th/0403053",
      archivePrefix  = "arXiv",
      primaryClass   = "nucl-th",
      SLACcitation   = "%%CITATION = NUCL-TH/0403053;%%",
}

@article{PhysRevLett.89.159901,
  title = {Erratum: Second Order Dissipative Fluid Dynamics for Ultrarelativistic Nuclear Collisions [Phys. Rev. Lett. 88, 062302 (2002)]},
  author = {Muronga, Azwinndini},
  journal = {Phys. Rev. Lett.},
  volume = {89},
  issue = {15},
  pages = {159901},
  numpages = {1},
  year = {2002},
  month = {Sep},
  publisher = {American Physical Society},
  doi = {10.1103/PhysRevLett.89.159901},
  url = {http://link.aps.org/doi/10.1103/PhysRevLett.89.159901}
}

@article{Aamodt:2010ft,
      author         = "Aamodt, K. and others",
      title          = "{Charged-particle multiplicity measurement in
                        proton-proton collisions at $\sqrt{s}=0.9$ and 2.36 TeV
                        with ALICE at LHC}",
      collaboration  = "ALICE Collaboration",
      journal        = "Eur.Phys.J.",
      volume         = "C68",
      pages          = "89-108",
      doi            = "10.1140/epjc/s10052-010-1339-x",
      year           = "2010",
      eprint         = "1004.3034",
      archivePrefix  = "arXiv",
      primaryClass   = "hep-ex",
      SLACcitation   = "%%CITATION = ARXIV:1004.3034;%%",
}

@article{Abelev:2014mda,
      author         = "Abelev, Betty Bezverkhny and others",
      title          = "{Multiparticle azimuthal correlations in p -Pb and Pb-Pb
                        collisions at the CERN Large Hadron Collider}",
      collaboration  = "ALICE Collaboration",
      journal        = "Phys.Rev.",
      number         = "5",
      volume         = "C90",
      pages          = "054901",
      doi            = "10.1103/PhysRevC.90.054901",
      year           = "2014",
      eprint         = "1406.2474",
      archivePrefix  = "arXiv",
      primaryClass   = "nucl-ex",
      reportNumber   = "CERN-PH-EP-2014-105",
      SLACcitation   = "%%CITATION = ARXIV:1406.2474;%%",
}

@article{Song:2008si,
      author         = "Song, Huichao and Heinz, Ulrich W.",
      title          = "{Multiplicity scaling in ideal and viscous
                        hydrodynamics}",
      journal        = "Phys.Rev.",
      volume         = "C78",
      pages          = "024902",
      doi            = "10.1103/PhysRevC.78.024902",
      year           = "2008",
      eprint         = "0805.1756",
      archivePrefix  = "arXiv",
      primaryClass   = "nucl-th",
      reportNumber   = "CERN-PH-TH-2008-100",
      SLACcitation   = "%%CITATION = ARXIV:0805.1756;%%",
}

@article{Schenke:2013dpa,
      author         = "Schenke, Bjoern and Tribedy, Prithwish and Venugopalan,
                        Raju",
      title          = "{Multiplicity distributions in p+p, p+A and A+A
                        collisions from Yang-Mills dynamics}",
      journal        = "Phys.Rev.",
      volume         = "C89",
      pages          = "024901",
      doi            = "10.1103/PhysRevC.89.024901",
      year           = "2014",
      eprint         = "1311.3636",
      archivePrefix  = "arXiv",
      primaryClass   = "hep-ph",
      SLACcitation   = "%%CITATION = ARXIV:1311.3636;%%",
}

@article{Goldschmidt:2015qya,
      author         = "Goldschmidt, Andy and Qiu, Zhi and Shen, Chun and Heinz,
                        Ulrich",
      title          = "{Collision Geometry and Flow in Uranium+Uranium
                        Collisions}",
      year           = "2015",
      eprint         = "1502.00603",
      archivePrefix  = "arXiv",
      primaryClass   = "nucl-th",
      SLACcitation   = "%%CITATION = ARXIV:1502.00603;%%",
}

@article{Bernhard:2015hxa,
      author         = "Bernhard, Jonah E. and Marcy, Peter W. and Coleman-Smith,
                        Christopher E. and Huzurbazar, Snehalata and Wolpert,
                        Robert L. and others",
      title          = "{Quantifying properties of hot and dense QCD matter
                        through systematic model-to-data comparison}",
      year           = "2015",
      eprint         = "1502.00339",
      archivePrefix  = "arXiv",
      primaryClass   = "nucl-th",
      SLACcitation   = "%%CITATION = ARXIV:1502.00339;%%",
}

@article{Bozek:2013uha,
      author         = "Bozek, Piotr and Broniowski, Wojciech",
      title          = "{Collective dynamics in high-energy proton-nucleus
                        collisions}",
      journal        = "Phys.Rev.",
      number         = "1",
      volume         = "C88",
      pages          = "014903",
      doi            = "10.1103/PhysRevC.88.014903",
      year           = "2013",
      eprint         = "1304.3044",
      archivePrefix  = "arXiv",
      primaryClass   = "nucl-th",
      SLACcitation   = "%%CITATION = ARXIV:1304.3044;%%",
}

@article{Kisiel:2005hn,
      author         = "Kisiel, Adam and Taluc, Tomasz and Broniowski, Wojciech
                        and Florkowski, Wojciech",
      title          = "{THERMINATOR: THERMal heavy-IoN generATOR}",
      journal        = "Comput.Phys.Commun.",
      volume         = "174",
      pages          = "669-687",
      doi            = "10.1016/j.cpc.2005.11.010",
      year           = "2006",
      eprint         = "nucl-th/0504047",
      archivePrefix  = "arXiv",
      primaryClass   = "nucl-th",
      SLACcitation   = "%%CITATION = NUCL-TH/0504047;%%",
}

@article{Chojnacki:2011hb,
      author         = "Chojnacki, Mikolaj and Kisiel, Adam and Florkowski,
                        Wojciech and Broniowski, Wojciech",
      title          = "{THERMINATOR 2: THERMal heavy IoN generATOR 2}",
      journal        = "Comput.Phys.Commun.",
      volume         = "183",
      pages          = "746-773",
      doi            = "10.1016/j.cpc.2011.11.018",
      year           = "2012",
      eprint         = "1102.0273",
      archivePrefix  = "arXiv",
      primaryClass   = "nucl-th",
      SLACcitation   = "%%CITATION = ARXIV:1102.0273;%%",
}

@article{Bzdak:2013zma,
      author         = "Bzdak, Adam and Schenke, Bjoern and Tribedy, Prithwish
                        and Venugopalan, Raju",
      title          = "{Initial state geometry and the role of hydrodynamics in
                        proton-proton, proton-nucleus and deuteron-nucleus
                        collisions}",
      journal        = "Phys.Rev.",
      number         = "6",
      volume         = "C87",
      pages          = "064906",
      doi            = "10.1103/PhysRevC.87.064906",
      year           = "2013",
      eprint         = "1304.3403",
      archivePrefix  = "arXiv",
      primaryClass   = "nucl-th",
      SLACcitation   = "%%CITATION = ARXIV:1304.3403;%%",
}

@article{Schenke:2014tga,
      author         = "Schenke, Bjoern and Tribedy, Prithwish and Venugopalan,
                        Raju",
      title          = "{Initial-state geometry and fluctuations in Au + Au,
                        Cu + Au, and U + U collisions at energies
                        available at the BNL Relativistic Heavy Ion Collider}",
      journal        = "Phys.Rev.",
      number         = "6",
      volume         = "C89",
      pages          = "064908",
      doi            = "10.1103/PhysRevC.89.064908",
      year           = "2014",
      eprint         = "1403.2232",
      archivePrefix  = "arXiv",
      primaryClass   = "nucl-th",
      SLACcitation   = "%%CITATION = ARXIV:1403.2232;%%",
}
